@article{r1,
author = {Shane E. Harton and mr x},
title = {njbsdjv kmnkdjfb},
journal = {Macromolecules},
volume = {43},
number = {7},
pages = {3415--3421},
year = {2010}
}
  	
@article{r2,
  author={Naomi Hirayama and mr y},
  title={Linking probabilities of off-lattice self-avoiding polygons and the effects of excluded volume},
  journal={Journal of Physics A: Mathematical and Theoretical},
  volume={42},
  number={10},
  pages={105001},
  year={2009},
}